@misc{karakter,
	title = {Bekendtgørelse om karakterskala og anden bedømmelse ved uddannelser på Uddannelses- og Forskningsministeriets område},
	edition = {BEK nr 114 af 03/02/2015},
	month = {feb},
	year = {2015},
	publisher = {Uddannelses- og Forskningsministeriet},
	type = {Bekendtgrøelse},
	url = {https://www.retsinformation.dk/eli/lta/2015/114}
}

@misc{eksamen,
	title = {Bekendtgørelse om prøver i erhvervsrettede videregående uddannelser},
	edition = {BEK nr 18 af 09/01/2020},
	month = {jan},
	year = {2020},
	publisher = {Uddannelses- og Forskningsministeriet},
	type = {Bekendtgørelse},
	url = {https://www.retsinformation.dk/eli/lta/2020/18}
}

@misc{professionsbachelor,
	title = {Bekendtgørelse om tekniske og merkantile erhvervsakademiuddannelser og professionsbacheloruddannelser},
	edition = {BEK nr 1162 af 10/07/2020},
	month = {jul},
	year = {2020},
	publisher = {Uddannelses- og Forskningsministeriet},
	type = {Bekendtgørelse},
	url = {https://www.retsinformation.dk/eli/lta/2020/1162}
}

@misc{studieordning,
	title = {Studieordning for professionsbacheloruddannelsen i softwareudvikling},
	author = {Lars Bogetoft, Kirsten Ringgård, Ole Gram-Olesen},
	month = {aug},
	year = {2017},
	url = {https://www.cphbusiness.dk/media/78341/pba_soft_cba_studieordning_2017.pdf},
	school = {Cphbusiness}
}
